@Book{Bishop06,
    author = "Christopher M. Bishop",
    title = "Pattern Recognition and Machine Learning",
    publisher = "Springer",
    year = "2006"
}

@misc{DuaKa17,
    author = "Dua, Dheeru and Karra Taniskidou, Efi",
    year = "2017",
    title = "{UCI Machine Learning Repository}",
    note = "http://archive.ics.uci.edu/ml",
    institution = "University of California, Irvine, School of Information and Computer Sciences" 
}

@mics{vp1,
    author = "Giulia Fontanini,Marco Bertini, and Alberto Del Bimbo",
    title = "{Web Video Popularity Prediction using Sentiment and Content Visual Features}",
    note = "https://www.micc.unifi.it/bertini/download/papers/icmr094s-fontaniniA.pdf"
    }
    
    
@mics{vp2,
    author = "Soufana Mekouar, Nabila Zrira	Mohammed and El-Houssine Bouyakhf",
    year = "2017",
    title = "{Popularity Prediction of Videos in YouTube as Case Study: A Regression Analysis Study}",
    note = "https://dl.acm.org/citation.cfm?id=3090406&preflayout=flat"
    }


@mics{pennington2014glove,
  author = {Jeffrey Pennington and Richard Socher and Christopher D. Manning},
  title = {Empirical Methods in Natural Language Processing (EMNLP) - GloVe: Global Vectors for Word Representation},
  year = {2014},
  pages = {1532--1543},
  note = {http://www.aclweb.org/anthology/D14-1162},
}

@mics{click-bait,
author = {Saurabh Mathur},
title = {Clickbait Detector},
year = {2017}
note = {https://github.com/saurabhmathur96/clickbait-detector}
}

@mics{pennington2014glove,
  author = {Jeffrey Pennington and Richard Socher and Christopher D. Manning},
  title = {Empirical Methods in Natural Language Processing (EMNLP) - GloVe: Global Vectors for Word Representation},
  year = {2014},
  pages = {1532--1543},
  note = {http://www.aclweb.org/anthology/D14-1162},
}